@article{Rosenblatt1958ThePA,
  title={The perceptron: a probabilistic model for information storage and organization in the brain.},
  author={Frank Rosenblatt},
  journal={Psychological review},
  year={1958},
  volume={65 6},
  pages={386-408}
}

@article{Rumelhart1986LearningRB,
  title={Learning representations by back-propagating errors},
  author={David E. Rumelhart and Geoffrey E. Hinton and Ronald J. Williams},
  journal={Nature},
  year={1986},
  volume={323},
  pages={533-536}
}

@inproceedings{LeCun1998GradientbasedLA,
  title={Gradient-based learning applied to document recognition},
  author={Yann Andr{\'e} LeCun and L{\'e}on Bottou and Yoshua Bengio and Patrick Haffner},
  year={1998}
}

@article{Szegedy2015GoingDW,
  title={Going deeper with convolutions},
  author={Christian Szegedy and Wei Liu and Yangqing Jia and Pierre Sermanet and Scott E. Reed and Dragomir Anguelov and D. Erhan and Vincent Vanhoucke and Andrew Rabinovich},
  journal={2015 IEEE Conference on Computer Vision and Pattern Recognition (CVPR)},
  year={2015},
  pages={1-9}
}

@article{Ioffe2015BatchNA,
  title={Batch Normalization: Accelerating Deep Network Training by Reducing Internal Covariate Shift},
  author={Sergey Ioffe and Christian Szegedy},
  journal={ArXiv},
  year={2015},
  volume={abs/1502.03167}
}

@article{Chollet2017XceptionDL,
  title={Xception: Deep Learning with Depthwise Separable Convolutions},
  author={Fran√ßois Chollet},
  journal={2017 IEEE Conference on Computer Vision and Pattern Recognition (CVPR)},
  year={2017},
  pages={1800-1807}
}


@inproceedings{Mendoza2019TowardsAD,
  title={Towards Automatically-Tuned Deep Neural Networks},
  author={Hector Mendoza and Aaron Klein and Matthias Feurer and Jost Tobias Springenberg and Matthias Urban and Michael Burkart and Maximilian Dippel and Marius Thomas Lindauer and Frank Hutter},
  booktitle={Automated Machine Learning},
  year={2019}
}

@article{Abreu2019AutoNN,
  author       = {Steven Abreu}, 
  title        = {Automated Architecture Design for Deep Neural Networks},
  school       = {Jacobs University Bremen, Bachelor Thesis in Computer Science},
  year         = 2019,
  journal      = {ArXiv},
  volume       = {abs/1908.10714}
}
